<record><leader>00000cas a22000007a 4500</leader><controlfield tag="001">10417292</controlfield><controlfield tag="008">840215d18711901njuwr ne      0    0eng d</controlfield><datafield ind1=" " ind2=" " tag="010"><subfield code="a">sn 84026325 </subfield></datafield><datafield ind1=" " ind2=" " tag="040"><subfield code="a">NPU</subfield><subfield code="b">eng</subfield><subfield code="c">NPU</subfield><subfield code="d">NPX</subfield><subfield code="d">NJW</subfield><subfield code="d">NYS</subfield><subfield code="d">OCLCQ</subfield></datafield><datafield ind1=" " ind2=" " tag="042"><subfield code="a">msc</subfield></datafield><datafield ind1="0" ind2=" " tag="130"><subfield code="a">Paterson weekly guardian (Paterson, N.J. : 1871)</subfield></datafield><datafield ind1="1" ind2="0" tag="245"><subfield code="a">Paterson weekly guardian.</subfield></datafield><datafield ind1=" " ind2=" " tag="260"><subfield code="a">Paterson, N.J. :</subfield><subfield code="b">C.M. &amp; A. Herrick</subfield></datafield><datafield ind1=" " ind2=" " tag="300"><subfield code="a">v. ;</subfield><subfield code="c">71 cm.</subfield></datafield><datafield ind1=" " ind2=" " tag="310"><subfield code="a">Weekly</subfield></datafield><datafield ind1="1" ind2=" " tag="362"><subfield code="a">Began with June 30, 1871 issue; ceased in 1901?</subfield></datafield><datafield ind1=" " ind2=" " tag="500"><subfield code="a">"Democratic."</subfield></datafield><datafield ind1=" " ind2=" " tag="580"><subfield code="a">Daily ed.: Paterson daily guardian (1871).</subfield></datafield><datafield ind1=" " ind2=" " tag="588"><subfield code="a">Description based on: Vol. 22, no. 178 (Apr. 25, 1873).</subfield></datafield><datafield ind1=" " ind2=" " tag="752"><subfield code="a">United States</subfield><subfield code="b">New Jersey</subfield><subfield code="c">Passaic</subfield><subfield code="d">Paterson.</subfield></datafield><datafield ind1="1" ind2=" " tag="775"><subfield code="t">Paterson daily guardian (1871)</subfield><subfield code="w">(DLC)sn 84026326</subfield><subfield code="w">(OCoLC)10405658</subfield></datafield><datafield ind1="0" ind2="0" tag="780"><subfield code="t">Paterson weekly guardian. Falls City register</subfield><subfield code="w">(DLC)sn 87068155</subfield><subfield code="w">(OCoLC)15795255</subfield></datafield><datafield ind1="1" ind2=" " tag="029"><subfield code="a">AU@</subfield><subfield code="b">000020415760</subfield></datafield></record>